% This file was created with JabRef 2.7.1.
% Encoding: UTF8

@TECHREPORT{COU:20,
  author = {Cour des comptes, },
  title = {Le système éducatif dans les académies ultramarines},
  institution = {Communication à la commission des finances du Sénat},
  year = {2020}
}

@TECHREPORT{IDE:20,
  author = {IDEOM, },
  title = {Rapport annuel économique La Réunion 2020},
  institution = {Institut d'Émission des Départements d'Outre-mer},
  year = {2020}
}

@incollection{HAN:20,
  title={Education production functions},
  author={Hanushek, Eric A},
  booktitle={The economics of education},
  pages={161--170},
  year={2020},
  publisher={Elsevier}
}

@article{SAU:DAL:08,
  title={La situation {\'e}ducative de la France compar{\'e}e {\`a} celle d’autres pays de l’Union europ{\'e}enne ou de l’OCDE},
  author={Sauvageot, Claude and Dalsheimer, Nadine},
  journal={Education \& formations},
  volume={78},
  pages={23--61},
  year={2008}
}

@article{TRO:ROC:15,
  title={Les {\'e}valuations standardis{\'e}es des {\'e}l{\`e}ves},
  author={Trosseille, Bruno and Rocher, Thierry},
  journal={{\'E}ducation \& formations},
  volume={86},
  number={01},
  pages={pp--15},
  year={2015}
}

@incollection{OCDR:00,
author = {OCDE, },
title = {Regards sur l'éducation - édition 2000},
booktitle = {Regards sur l'éducation},
year = {2000},
}

@report{OCDR:01,
author = {OCDE, },
title = {Regards sur l'éducation - édition 2001},
year = {2001},
}

@report{OCDR:02,
author = {OCDE, },
title = {Regards sur l'éducation - édition 2002},
year = {2002},
}

@report{OCDR:03,
author = {OCDE, },
title = {Regards sur l'éducation - édition 2003},
year = {2003},
}

@report{OCDR:04,
author = {OCDE, },
title = {Regards sur l'éducation - édition 2004},
year = {2004},
}

@report{OCDR:05,
author = {OCDE, },
title = {Regards sur l'éducation - édition 2005},
year = {2005},
}

@report{OCDR:06,
author = {OCDE, },
title = {Regards sur l'éducation - édition 2006},
year = {2006},
}

@report{OCDR:07,
author = {OCDE, },
title = {Regards sur l'éducation - édition 2007},
year = {2007},
}

@report{OCDR:08,
author = {OCDE, },
title = {Regards sur l'éducation - édition 2008},
year = {2008},
}

@report{OCDR:09,
author = {OCDE, },
title = {Regards sur l'éducation - édition 2009},
year = {2009},
}

@incollection{OCDR:10,
author = {OCDE, },
title = {Regards sur l'éducation - édition 2010},
booktitle = {Regards sur l'éducation},
year = {2010},
}

@report{OCDR:11,
author = {OCDE, },
title = {Regards sur l'éducation - édition 2011},
year = {2011},
}

@report{OCDR:12,
author = {OCDE, },
title = {Regards sur l'éducation - édition 2012},
year = {2012},
}

@report{OCDR:13,
author = {OCDE, },
title = {Regards sur l'éducation - édition 2013},
year = {2013},
}

@report{OCDR:14,
author = {OCDE, },
title = {Regards sur l'éducation - édition 2014},
year = {2014},
}

@report{OCDR:15,
author = {OCDE, },
title = {Regards sur l'éducation - édition 2015},
year = {2015},
}

@report{OCDR:16,
author = {OCDE, },
title = {Regards sur l'éducation - édition 2016},
year = {2016},
}

@report{OCDR:17,
author = {OCDE, },
title = {Regards sur l'éducation - édition 2017},
year = {2017},
}

@report{OCDR:18,
author = {OCDE, },
title = {Regards sur l'éducation - édition 2018},
year = {2018},
}

@report{OCDR:19,
author = {OCDE, },
title = {Regards sur l'éducation - édition 2019},
year = {2019},
}

@incollection{OCDR:20,
author = {OCDE, },
title = {Regards sur l'éducation - édition 2020},
booktitle = {Regards sur l'éducation},
year = {2020},
}

@report{OCDR:21,
author = {OCDE, },
title = {Regards sur l'éducation - édition 2021},
year = {2021},
}

@techreport{MOU:eal:05,
  title={Efficacit{\'e} sociale du syst{\`e}me {\'e}ducatif fran{\c{c}}ais dans les r{\'e}gions ultrap{\'e}riph{\'e}riques. Le cas de La R{\'e}union},
  author={Moussa, Azzedine Si and Tupin, Fr{\'e}d{\'e}ric and others},
  year={2005}
}

@article{BRI:RUD:11, 
title={Comparaison entre pays des coûts de l'éducation : des sources de financement aux dépenses},
year={2011},
author={Brière, Luc and Rudolf, Marguerie},
journal={Éducation & formations},
number={80},
pages={31--40}
}

@article{DAL:eal:11,
  title={La d{\'e}pense par {\'e}l{\`e}ve ou {\'e}tudiant en France et dans l’OCDE},
  author={Dalous, JP and Jeljoul, M and Rudolf, M},
  journal={Note d’information de la DEPP},
  number={12.29},
  year={2011}
}

@article{FRE:eal:15,
  title={The relationship among cultural dimensions, education expenditure, and PISA performance},
  author={French, Joseph J and French, Atchaporn and Li, Wei-Xuan},
  journal={International Journal of Educational Development},
  volume={42},
  pages={25--34},
  year={2015},
  publisher={Elsevier}
}

@article{IDR:SID:13,
  title={Does public education expenditure cause economic growth? Comparison of developed and developing countries},
  author={Idrees, Alvina Sabah and Siddiqi, Muhammad Wasif},
  journal={Pakistan Journal of Commerce and Social Sciences (PJCSS)},
  volume={7},
  number={1},
  pages={174--183},
  year={2013},
  publisher={Lahore: Johar Education Society, Pakistan (JESPK)}
}

@article{PRI:FIL:99,
  title={What education production functions really show: a positive theory of education expenditures},
  author={Pritchett, Lant and Filmer, Deon},
  journal={Economics of Education review},
  volume={18},
  number={2},
  pages={223--239},
  year={1999},
  publisher={Elsevier}
}

@article{RAG:08,
  title={Les indicateurs de L’OCDE sur les depenses d’éducation en 2005: quelques tendances sur la sitiation comparee de la France},
  author={Ragoucy, Christine},
  journal={Education \& formations},
  number={78},
  pages={45--61},
  year={2008}
}

@article{AIN:22,
  title={The determinants of university dropout: A review of the socio-economic literature},
  author={Aina, Carmen and Baici, Eliana and Casalone, Giorgia and Pastore, Francesco},
  journal={Socio-Economic Planning Sciences},
  pages={101102},
  year={2022},
  publisher={Elsevier}
}

@article{BOI:04,
  title={Determinants of primary education outcomes in developing countries},
  author={Boissiere, Maurice},
  journal={World Bank, Independent Evaluation Group (IEG), Washington, DC},
  year={2004}
}

@article{CHE:eal:19,
  title={Determinants of Education Achievements in Pakistan},
  author={Cheema, Ahmed Raza and Awan, Rehmat Ullah and Iqbal, Mazhar},
  journal={Pakistan Business Review},
  volume={20},
  number={2},
  pages={477--492},
  year={2019}
}

@article{CSA:22,
  title={Social determinants of mathematics and science achievement in historical context},
  author={Csap{\'o}, Ben{\H{o}}},
  journal={Current Opinion in Behavioral Sciences},
  volume={46},
  pages={101182},
  year={2022},
  publisher={Elsevier}
}

@article{DES:91,
  title={Determinants of educational performance in India: role of home and family},
  author={Desai, Uday},
  journal={International review of Education},
  volume={37},
  number={2},
  pages={245--265},
  year={1991},
  publisher={Springer}
}

@article{HAN:WOE:11,
  title={The economics of international differences in educational achievement},
  author={Hanushek, Eric A and Woessmann, Ludger},
  journal={Handbook of the Economics of Education},
  volume={3},
  pages={89--200},
  year={2011},
  publisher={Elsevier}
}

@incollection{HAN:20,
  title={Education production functions},
  author={Hanushek, Eric A},
  booktitle={The economics of education},
  pages={161--170},
  year={2020},
  publisher={Elsevier}
}

@article{MEN:18,
  title={Heterogeneous determinants of educational achievement and inequality across urban China},
  author={Mendoza, Octasiano M Valerio},
  journal={China Economic Review},
  volume={51},
  pages={129--148},
  year={2018},
  publisher={Elsevier}
}

@techreport{BOU:eal:16,
  title={Atlas des risques sociaux d'{\'e}chec scolaire : l'exemple du d{\'e}crochage, France m{\'e}tropolitaine et Dom.},
  author={Boudesseul, G and Caro, P and Grelet, Yvette and Minassian, Laure and Monso, Olivier and Vivent, C{\'e}line},
  year={2016},
  type = {Atlas académique des risques sociaux d'échec scolaire},
  number = {2016.2},
  publisher = {Ministère de l'Éducation Nationale, de l'Enseignement Supérieur et de la Recherche}
}
  

@techreport{CAR:18,
  title={In{\'e}galit{\'e}s scolaires d’origine territoriale en France m{\'e}tropolitaine et d’Outre-mer},
  author={Caro, P},
  institution={CNESCO (Conseil national d’évaluation du système scolaire)},
  year={2018}
}

@misc{CNC:17,
title={Avis sur l'effectivité du droit à l'éducation dans les outre-mer - Regard particulier sur la Guyane et Mayotte},
author={CNCDH},
year={2017}
}

@article{LAS:18,
  title={Ch{\^o}mage et territoires en 2017: des disparit{\'e}s marqu{\'e}es},
  author={Lasserre, N},
  journal={Dares R{\'e}sultats},
  volume={43},
  year={2018}
}

@article{HAD:18,
  title={L’effet d’une politique d’{\'E}tat sur les migrations DOM-m{\'e}tropole. Les enseignements des recensements de 1962 {\`a} 1999},
  author={Haddad, Marine},
  journal={Population},
  volume={73},
  number={2},
  pages={191--224},
  year={2018},
  publisher={Ined {\'E}ditions}
}

@article{LHO:14,
  title={La persistance du ch{\^o}mage ultramarin: un probl{\`e}me aux causes multiples},
  author={L’Horty, Yannick},
  journal={Revue fran{\c{c}}aise des affaires sociales},
  number={4},
  pages={114--135},
  year={2014},
  publisher={La Documentation fran{\c{c}}aise}
}

@article{MAR:DID:15,
  title={Les {\guillemotleft}mod{\`e}les familiaux{\guillemotright} dans les Dom: entre bouleversements et permanence. Ce que nous apprend l’enqu{\^e}te Migrations, famille et vieillissement},
  author={Marie, Claude-Valentin and Breton, Didier},
  journal={Revue des politiques sociales et familiales},
  volume={119},
  number={1},
  pages={55--64},
  year={2015},
  publisher={Pers{\'e}e-Portail des revues scientifiques en SHS}
}

@article{MIC:eal:10,
title={Les inégalités de revenus entre les DOM et la métropole},
author={Michel, Christophe and Theulière, Maël and Missègue, Nathalie},
journal={INSEE Première},
number={1279}
}

@article{TRE:CAT:15,
  title={Dans les DOM, l’activit{\'e} et l’emploi stagnent depuis dix ans},
  author={Treyens, Pierre-Eric and Catherine, Armelle},
  journal={Insee Anal Guyane},
  volume={7},
  pages={1--4},
  year={2015}
}

@article{VAL:21,
  title={Les in{\'e}galit{\'e}s d’{\'e}ducation entre les natifs des Drom et de m{\'e}tropole: le r{\^o}le d{\'e}terminant du capital humain transmis par les parents},
  author={Valat, Emmanuel},
  journal={Population},
  volume={76},
  number={1},
  pages={115--153},
  year={2021},
  publisher={Institut national d'{\'e}tudes d{\'e}mographiques}
}

@article{ALD:eal:10,
  title={The sibling size impact on the educational achievement in France},
  author={Adli, Rhonya and Louichi, Ahmed and Tamouh, Nadia},
  journal={Education Economics},
  volume={18},
  number={3},
  pages={331--348},
  year={2010},
  publisher={Taylor \& Francis}
}

@article{BEL:POI:10,
  title={Education and early career outcomes of second-generation immigrants in France},
  author={Belzil, Christian and Poinas, Fran{\c{c}}ois},
  journal={Labour Economics},
  volume={17},
  number={1},
  pages={101--110},
  year={2010},
  publisher={Elsevier}
}

@article{BRA:18,
  title={France: Am{\'e}liorer les perspectives {\'e}conomiques et le bien-{\^e}tre des habitants des quartiers d{\'e}favoris{\'e}s},
  author={Brandt, Nicola},
  journal={OECD Economic Department Working Papers},
  number={1454},
  pages={0\_1--43},
  year={2018},
  publisher={Organisation for Economic Cooperation and Development (OECD)}
}

@article{CAY:19,
  title={How inequalities in academic performance evolve in lower secondary school in France: A longitudinal follow-up of students},
  author={Cayouette-Rembli{\`e}re, Joanie and Moulin, L{\'e}onard and Dutreuilh, Catriona},
  journal={Population},
  volume={74},
  number={4},
  pages={507--540},
  year={2019},
  publisher={INED}
}

@article{DUG:eal:16,
  title={Les d{\'e}terminants de la r{\'e}ussite {\`a} l'universit{\'e}. Quels apports de la recherche en {\'E}ducation? Quelles perspectives de recherche?},
  author={Duguet, Am{\'e}lie and Le Mener, Marielle and Morlaix, Sophie},
  journal={Spirale-Revue de recherches en {\'e}ducation},
  number={Suppl{\'e}ment {\'e}lectronique {\`a} la revue de Recherches en {\'e}ducation, N° 5, 2016},
  year={2016}
}

@article{GUE:eal:18,
  title={Predictors of the IQ-achievement gap in France: A longitudinal analysis},
  author={Guez, Ava and Pana{\"\i}otis, Thelma and Peyre, Hugo and Ramus, Franck},
  journal={Intelligence},
  volume={69},
  pages={104--116},
  year={2018},
  publisher={Elsevier}
}

@article{LEM:eal:17,
  title={The Increased Impact of Social Background on Educational Performance in France: Where Has This Come From?},
  author={Le Mener, Marielle and Meuret, Denis and Morlaix, Sophie and Garnier, Lucy},
  journal={Revue francaise de sociologie},
  volume={58},
  number={2},
  pages={207--231},
  year={2017},
  publisher={Presses de Sciences Po}
}

@article{OBR:07,
  title={Enhancing Incentives to Improve Performance in the Education System in France. OECD Economics Department Working Papers, No. 570.},
  author={O'Brien, Paul},
  journal={OECD Publishing (NJ1)},
  year={2007},
  publisher={ERIC}
}

@article{BRE:eal:16,
  title={{\'E}valuation des Programmes de r{\'e}ussite {\'e}ducative},
  author={Bressoux, Pascal and Gurgand, Marc and Guyon, Nina and Monnet, Marion and Pernaudet, Julie},
  journal={Paris: Institut des politiques publiques (Rapport IPP, 13)},
  year={2016}
}

@article{CAI:eal:16,
  title={Les r{\'e}sultats scolaires des coll{\'e}giens b{\'e}n{\'e}ficient-ils des r{\'e}seaux ambition r{\'e}ussite?},
  author={Caille, Jean-Paul and Davezies, Laurent and Garrouste, Manon},
  journal={Revue {\'e}conomique},
  volume={67},
  number={3},
  pages={639--666},
  year={2016},
  publisher={Presses de Sciences Po}
}

@article{DRA:BAL:14,
  title={Capital culturel et reproduction scolaire. Un bilan critique},
  author={Draelants, Hugues and Ballatore, Magali},
  journal={Revue fran{\c{c}}aise de p{\'e}dagogie. Recherches en {\'e}ducation},
  number={186},
  pages={115--142},
  year={2014},
  publisher={ENS {\'E}ditions}
}

@article{DUM:eal:10,
  title={S{\'e}gr{\'e}gation entre {\'e}coles, effets de la composition scolaire et in{\'e}galit{\'e}s de r{\'e}sultats},
  author={Dumay, Xavier and Dupriez, Vincent and Maroy, Christian},
  journal={Revue fran{\c{c}}aise de sociologie},
  volume={51},
  number={3},
  pages={461--480},
  year={2010},
  publisher={{\'E}ditions Technip \& Ophrys}
}

@article{FAR:15,
  title={Approche de long terme des pratiques culturelles l{\'e}gitimes des enseignants: Stabilit{\'e} dans une p{\'e}riode de changement?},
  author={Farges, G{\'e}raldine},
  journal={Revue fran{\c{c}}aise de sociologie},
  pages={261--300},
  year={2015},
  publisher={JSTOR}
}

@article{GIV:eal:16,
  title={La s{\'e}gr{\'e}gation sociale entre les coll{\`e}ges},
  author={Givord, Pauline and Guillerm, Marine and Monso, Olivier and Murat, Fabrice},
  journal={{\'E}ducation et formations},
  number={91},
  pages={53--76},
  year={2016}
}

@article{GUY:eal:16,
  title={Track choice and socio-economic origin: measuring and explaining academic inhibition},
  author={Guyon, Nina and Huillery, Elise and others},
  journal={LIEPP Policy Brief},
  volume={23},
  pages={1--8},
  year={2016}
}

@article{MEU:MOR:06,
  title={L'influence de l'origine sociale sur les performances scolaires: par o{\`u} passe-t-elle?},
  author={Meuret, Denis and Morlaix, Sophie},
  journal={Revue fran{\c{c}}aise de sociologie},
  volume={47},
  number={1},
  pages={49--79},
  year={2006},
  publisher={{\'E}ditions Technip \& Ophrys}
}

@article{COM:LEC:17,
  title={PIRLS 2016: {\'e}valuation internationale des {\'e}l{\`e}ves de CM1 en compr{\'e}hension de l'{\'e}crit. {\'E}volution des performances sur quinze ans},
  author={Colmant, M and Le Cam, M},
  journal={Note d’information de la DEPP},
  number={17.24},
  year={2017}
}

@article{LEC:PAC:19,
  title={ICILS 2018 : évaluation internationale des élèves de quatrième en littératie numérique et pensée informatique},
  author={Le Cam, Marion and Pac, Sébastien},
  journal={Note d’information de la DEPP},
  number={19.40},
  year={2019}
}

@article{CHA:eal:19,
  title={PISA 2018 : stabilit{\'e} des r{\'e}sultats en compr{\'e}hension de l’{\'e}crit},
  author={Chabanon, L and Durand de Monestrol, H and Verlet, I},
  journal={Note d’information de la DEPP},
  number={19.49},
  year={2019}
}

@article{BER:eal:19,
  title={PISA 2018 : culture mathématique, culture scientifique et vie de l'élève},
  author={Bernigole, Vincent and Bret, Anaïs and Chabanon, Léa and Roussel, Léa and Verlet, Irène},
  journal={Note d’information de la DEPP},
  number={19.50},
  year={2019}
}

@article{COL:LEC:20,
  title={TIMSS 2019 - Évaluation internationale des élèves de CM1 en mathématiques et en sciences : les résultats de la France toujours en retrait},
  author={Colmant, Marc and Le Cam, Marion},
  journal={Note d’information de la DEPP},
  number={20.46},
  year={2020}
}

@article{COL:LEC:17,
  title={PIRLS 2016 : évaluation internationale des élèves de CM1 en compréhension de l'écrit. Évolution des performances sur quinze ans.},
  author={Colmant, Marc and Le Cam, Marion},
  journal={Note d’information de la DEPP},
  number={17.24},
  year={2017}
}

@article{SAL:LEC:20,
  title={TIMSS 2019 - Mathématiques au niveau de la classe de quatrième : des résultats inquiétants en France},
  author={Salles, Franck and Le Cam, Marion},
  journal={Note d’information de la DEPP},
  number={20.46},
  year={2020}
}

@book{HAN:WOE:15,
  title={The knowledge capital of nations: Education and the economics of growth},
  author={Hanushek, Eric A and Woessmann, Ludger},
  year={2015a},
  publisher={MIT press}
}

@article{HAN:WOE:20,
  title={Education, knowledge capital, and economic growth},
  author={Hanushek, Eric A and Woessmann, Ludger},
  journal={The economics of education},
  pages={171--182},
  year={2020},
  publisher={Elsevier}
}

@article{NAW:eal:14,
  title={The impact of institutional quality on economic growth: Panel evidence},
  author={Nawaz, Saima and Iqbal, Nasir and Khan, Muhammad Arshad},
  journal={The Pakistan Development Review},
  pages={15--31},
  year={2014},
  publisher={JSTOR}
}

@article{VAL:eal:11,
  title={The impact of institutional quality on economic growth and development: An empirical study},
  author={Valeriani, Elisa and Peluso, Sara and others},
  journal={Journal of Knowledge Management, Economics and Information Technology},
  volume={1},
  number={6},
  pages={1--25},
  year={2011},
  publisher={ScientificPapers. org}
}

@article{MUR:eal:91,
  title={The allocation of talent: Implications for growth},
  author={Murphy, Kevin M and Shleifer, Andrei and Vishny, Robert W},
  journal={The quarterly journal of economics},
  volume={106},
  number={2},
  pages={503--530},
  year={1991},
  publisher={MIT Press}
}

@article{TAH:eal:14,
  title={Trade openness and economic growth: a review of the literature},
  author={Tahir, Muhammad and Haji, Dk Hajah Norulazidah Binti Pg and Ali, Omar},
  journal={Asian Social Science},
  volume={10},
  number={9},
  pages={137},
  year={2014},
  publisher={Canadian Center of Science and Education}
}

@article{KUC:11,
  title={Human capital -- definitions and approaches},
  author={Kuchar{\v{c}}íkov{\'a}, Al{\c{t}}beta},
  journal={Human Resources Management \& Ergonomics},
  volume={5},
  number={2},
  pages={60--70},
  year={2011}
}

@article{BEC:62,
  title={Investment in human capital: A theoretical analysis},
  author={Becker, Gary S},
  journal={Journal of political economy},
  volume={70},
  number={5, Part 2},
  pages={9--49},
  year={1962},
  publisher={The University of Chicago Press}
}

@article{BEC:92,
  title={Human capital and the economy},
  author={Becker, Gary S},
  journal={Proceedings of the American philosophical society},
  volume={136},
  number={1},
  pages={85--92},
  year={1992},
  publisher={JSTOR}
}

@article{BEC:02,
  title={Human capital},
  author={Becker, Gary S},
  journal={The concise encyclopedia of economics},
  volume={2},
  year={2002}
}

@book{BEC:09,
  title={Human capital: A theoretical and empirical analysis, with special reference to education},
  author={Becker, Gary S},
  year={2009},
  publisher={University of Chicago press}
}

@article{PSA:PAT:18,
  title={Returns to investment in education: a decennial review of the global literature},
  author={Psacharopoulos, George and Patrinos, Harry Anthony},
  journal={Education Economics},
  volume={26},
  number={5},
  pages={445--458},
  year={2018},
  publisher={Taylor \& Francis}
}

@article{SIA:REE:03,
  title={The returns to education: Macroeconomics},
  author={Sianesi, Barbara and Reenen, John Van},
  journal={Journal of economic surveys},
  volume={17},
  number={2},
  pages={157--200},
  year={2003},
  publisher={Wiley Online Library}
}

@article{HAN:WOE:08,
  title={The role of cognitive skills in economic development},
  author={Hanushek, Eric A and Woessmann, Ludger},
  journal={Journal of economic literature},
  volume={46},
  number={3},
  pages={607--68},
  year={2008}
}

@book{HAN:WOE:15,
  title={The knowledge capital of nations: Education and the economics of growth},
  author={Hanushek, Eric A and Woessmann, Ludger},
  year={2015},
  publisher={MIT press}
}

@article{MEA:eal:08,
  title={The gap gets bigger: changes in mortality and life expectancy, by education, 1981--2000},
  author={Meara, Ellen R and Richards, Seth and Cutler, David M},
  journal={Health affairs},
  volume={27},
  number={2},
  pages={350--360},
  year={2008},
  publisher={Project HOPE-The People-to-People Health Foundation, Inc.}
}

@article{HEC:eal:06,
  title={Earnings functions, rates of return and treatment effects: The Mincer equation and beyond},
  author={Heckman, James J and Lochner, Lance J and Todd, Petra E},
  journal={Handbook of the Economics of Education},
  volume={1},
  pages={307--458},
  year={2006},
  publisher={Elsevier}
}

@article{LOC:04,
  title={Education, work, and crime: A human capital approach},
  author={Lochner, Lance},
  journal={International Economic Review},
  volume={45},
  number={3},
  pages={811--843},
  year={2004},
  publisher={Wiley Online Library}
}

@incollection{LOC:20,
  title={Education and crime},
  author={Lochner, Lance},
  booktitle={The economics of education},
  pages={109--117},
  year={2020},
  publisher={Elsevier}
}

@incollection{DEE:20,
  title={Education and civic engagement},
  author={Dee, Thomas S},
  booktitle={The economics of education},
  pages={103--108},
  year={2020},
  publisher={Elsevier}
}

@incollection{WAL:20,
  title={Heterogeneity in the returns to higher education},
  author={Walker, Ian},
  booktitle={The Economics of Education},
  pages={75--90},
  year={2020},
  publisher={Elsevier}
}

@book{BRI:eal:79,
  title={The Determinants of Educational Outcomes: The Impact of Families, Peers, Teachers, and Schools.},
  author={Bridge, R Gary and others},
  year={1979},
  publisher={Ballinger Publishing Company}
}

@incollection{BRI:VIG:17,
  title={Education production functions},
  author={Britton, Jack and Vignoles, Anna},
  booktitle={Handbook of contemporary education economics},
  year={2017},
  publisher={Edward Elgar Publishing},
  chapter = {11},
  pages = {246--271}
}

@article{SIM:15,
  title={{\'E}valuations nationales en France et contexte ultrap{\'e}riph{\'e}rique: un enjeu significatif pour l’{\'e}cole {\`a} La R{\'e}union?},
  author={Si Moussa, Azzedine},
  journal={Mesure et {\'e}valuation en {\'e}ducation},
  volume={38},
  number={1},
  pages={31--56},
  year={2015},
  publisher={ADMEE-Canada-Universit{\'e} Laval}
}

@phdthesis{DAL:21,
  title={La Co-alphab{\'e}tisation cr{\'e}ole-fran{\c{c}}ais comme facteur de r{\'e}ussite scolaire {\`a} la R{\'e}union},
  author={Daleau-Gauvin, Laurence},
  year={2021},
  school={Universit{\'e} de la R{\'e}union}
}

@article{WOE:03,
  title={Specifying human capital},
  author={W{\"o}{\ss}mann, Ludger},
  journal={Journal of economic surveys},
  volume={17},
  number={3},
  pages={239--270},
  year={2003},
  publisher={Wiley Online Library}
}

@article{WAT:20,
  title={Academic achievement and economic attainment: Reexamining associations between test scores and long-run earnings},
  author={Watts, Tyler W},
  journal={AERA Open},
  volume={6},
  number={2},
  pages={1--16},
  year={2020},
  publisher={SAGE Publications Sage CA: Los Angeles, CA}
}

@article{HAN:eal:15,
  title={Returns to skills around the world: Evidence from PIAAC},
  author={Hanushek, Eric A and Schwerdt, Guido and Wiederhold, Simon and Woessmann, Ludger},
  journal={European Economic Review},
  volume={73},
  pages={103--130},
  year={2015},
  publisher={Elsevier}
}

@article{HAN:eal:17,
  title={Coping with change: International differences in the returns to skills},
  author={Hanushek, Eric A and Schwerdt, Guido and Wiederhold, Simon and Woessmann, Ludger},
  journal={Economics Letters},
  volume={153},
  pages={15--19},
  year={2017},
  publisher={Elsevier}
}

@article{SIL:09,
  title={The causal effect of education on health: Evidence from the United Kingdom},
  author={Silles, Mary A},
  journal={Economics of Education review},
  volume={28},
  number={1},
  pages={122--128},
  year={2009},
  publisher={Elsevier}
}

@article{BRU:eal:15,
  title={The causal effect of education on health: What is the role of health behaviors?},
  author={Brunello, Giorgio and Fort, Margherita and Schneeweis, Nicole and Winter-Ebmer, Rudolf},
  journal={Health economics},
  volume={25},
  number={3},
  pages={314--336},
  year={2016},
  publisher={Wiley Online Library}
}

@article{WEI:15,
  title={Gary Becker on human capital},
  author={Weiss, Yoram},
  journal={Journal of Demographic Economics},
  volume={81},
  number={1},
  pages={27--31},
  year={2015},
  publisher={Cambridge University Press}
}

@article{BAR:ROU:09,
  title={School vouchers and student achievement: Recent evidence and remaining questions},
  author={Rouse, Cecilia Elena and Barrow, Lisa},
  journal={Annu. Rev. Econ.},
  volume={1},
  number={1},
  pages={17--42},
  year={2009},
  publisher={Annual Reviews}
}

@incollection{PLA:DAV:20,
  title={The economic role of the state in education},
  author={Plank, David N and Davis, Thomas E},
  booktitle={The Economics of Education},
  pages={445--454},
  year={2020},
  publisher={Elsevier}
}

@book{OEC:13,
  title={PISA 2012 results: Excellence through equity: Giving every student the chance to succeed (Volume II)},
  author={OECD, },
  year={2013},
  publisher={OECD Publishing Paris, France}
}

@article{GER:22,
  title={D'importantes disparités de l'outre-mer à l'Île-de-France},
  author={Gerardin, Mathilde},
  journal={INSEE Première},
  number={1900},
  year={2022}
}

@article{MON:10,
  title={Le cr{\'e}ole encore tr{\`e}s largement majoritaire {\`a} La R{\'e}union},
  author={Monteil, Christian},
  journal={Revue {\'E}conomique de l’INSEE},
  volume={137},
  year={2010}
}

@phdthesis{CAR:12,
  title={Parcours scolaire des élèves de Section d’Enseignement Général et Professionnel Adapté à l’île de La Réunion : analyse et processus},
  author={Carron, Alexandre},
  year={2012},
  school={La Réunion}
}

@incollection{INS:21,
  title={La France et ses territoires, édition 2021},
  author={INSEE},
  booktitle={INSEE Références},
  year={2021}
}

@incollection{DEP:21GEO,
  title={Géographie de l'École 2021},
  author={DEPP},
  year={2021},
  booktitle = {Géographie de l'école}
}

@article{DEP:21RERS,
  title={Repères et références statistiques},
  author={DEPP},
  year={2021}
}


@article{BES:MER:20,
  title={Les conditions de logement {\`a} La R{\'e}union. Moins souvent en appartement qu’en m{\'e}tropole, mais des probl{\`e}mes persistants},
  author={Besson, Ludovic and Merceron, S{\'e}bastien},
  year={2020},
  publisher={Insee La R{\'e}union-Mayotte}
}

@article{AJI:15,
  title={Des ménages toujours plus petits},
  author={Ajir, Sébastien},
  journal={INSEE Flash Réunion},
  number={40},
  year={2015}
}

@article{BRE:eal:21,
  title={Enjeux d{\'e}mographiques des d{\'e}partements et r{\'e}gions d’outre-mer},
  author={Breton, Didier and Temporal, Franck and Marie, Claude-Valentin and Antoine, Robin},
  journal={Regards},
  volume={59},
  number={1},
  pages={25--39},
  year={2021},
  publisher={EN3S-{\'E}cole nationale sup{\'e}rieure de S{\'e}curit{\'e} sociale}
}

@article{MAR:BRE:15,
  title={Les modèles familiaux dans les Dom: entre bouleversements et permanence. Ce que nous apprend l’enquête Migrations, famille et vieillissement},
  author={Marie, Claude-Valentin and Breton, Didier},
  journal={Revue des politiques sociales et familiales},
  volume={119},
  number={1},
  pages={55--64},
  year={2015},
  publisher={Pers{\'e}e-Portail des revues scientifiques en SHS}
}

@article{BAK:eal:19,
  title={Projections du nombre d'élèves à La Réunion. Une baisse modérée du nombre d'élèves scolarisés à l'horizon 2030},
  author={Baktavatsalou, R and Chaussy, C and Delvoye, S and Legros, F and Parvedy, J-E and Payet, F},
  journal={INSEE Analyses},
  number={42},
  year={2019}
}
  
@incollection{FIG:LAD:20,
  title={The economics of school accountability},
  author={Figlio, David N and Ladd, Helen F},
  booktitle={The Economics of Education},
  pages={567--575},
  year={2020},
  publisher={Elsevier}
}

@incollection{STO:FAL:20,
  title={The role of teacher quality in education production},
  author={Str{\o}m, Bjarne and Falch, Torberg},
  booktitle={the Economics of Education},
  pages={307--319},
  year={2020},
  publisher={Elsevier}
}